@TECHREPORT{parking_marketplace_srs,
	title="{SRS: Parking Marketplace}",
	author="{Daniel Jonathan Kemp (Team leader), Jinwoo Song, Pratheek Basavana Gowda, Rajesh Ramesh, Rahul Vijaydev, Theerut Foongkiatcharoen, Vibhu A Bharadwaj}",
	year="2018"
}

@misc{ wiki:reactjs,
	author = "{Wikipedia contributors}",
	title = "React (JavaScript library) --- {Wikipedia}{,} The Free Encyclopedia",
	year = "2018",
	url = "https://en.wikipedia.org/w/index.php?title=React_(JavaScript_library)&oldid=865980729",
	note = "[Online; accessed 28-October-2018]"
}

@misc{ wiki:mlab,
	author = "{Wikipedia contributors}",
	title = "MLab --- {Wikipedia}{,} The Free Encyclopedia",
	year = "2018",
	url = "https://en.wikipedia.org/w/index.php?title=MLab&oldid=863362348",
	note = "[Online; accessed 28-October-2018]"
}

@misc{ wiki:typescript,
	author = "{Wikipedia contributors}",
	title = "TypeScript --- {Wikipedia}{,} The Free Encyclopedia",
	year = "2018",
	url = "https://en.wikipedia.org/w/index.php?title=TypeScript&oldid=864413390",
	note = "[Online; accessed 28-October-2018]"
}

@misc{ wiki:mongodb,
	author = "{Wikipedia contributors}",
	title = "MongoDB --- {Wikipedia}{,} The Free Encyclopedia",
	year = "2018",
	url = "https://en.wikipedia.org/w/index.php?title=MongoDB&oldid=864580817",
	note = "[Online; accessed 28-October-2018]"
}

@misc{ wiki:express,
	author = "{Wikipedia contributors}",
	title = "Express.js --- {Wikipedia}{,} The Free Encyclopedia",
	year = "2018",
	url = "https://en.wikipedia.org/w/index.php?title=Express.js&oldid=861000326",
	note = "[Online; accessed 28-October-2018]"
}

@misc{ wiki:nodejs,
	author = "{Wikipedia contributors}",
	title = "Node.js --- {Wikipedia}{,} The Free Encyclopedia",
	year = "2018",
	url = "https://en.wikipedia.org/w/index.php?title=Node.js&oldid=865979769",
	note = "[Online; accessed 28-October-2018]"
}

@misc{ wiki:heroku,
	author = "{Wikipedia contributors}",
	title = "Heroku --- {Wikipedia}{,} The Free Encyclopedia",
	year = "2018",
	url = "https://en.wikipedia.org/w/index.php?title=Heroku&oldid=855032748",
	note = "[Online; accessed 28-October-2018]"
}

@misc{ wiki:fontawesome,
	author = "{Wikipedia contributors}",
	title = "Font Awesome --- {Wikipedia}{,} The Free Encyclopedia",
	year = "2018",
	url = "https://en.wikipedia.org/w/index.php?title=Font_Awesome&oldid=862582036",
	note = "[Online; accessed 28-October-2018]"
}

@misc{ zube,
	author = "{Zube team}",
	title = "Zube documentation"
	year = "2018"
	url = "https://zube.io/docs",
}

@misc{ github_developer_guide,
	author = "{GitHub Inc.}",
	title = "GitHub API v3 | GitHub Developer Guide"
	year = "2018"
	url = "https://developer.github.com/v3/",
}